@article{delmondes2022multi,
  title={Multi-source BERT stack ensemble for cross-domain author profiling},
  author={Delmondes Neto, Jos{\'e} Pereira and Paraboni, Ivandr{\'e}},
  journal={Expert Systems},
  volume={39},
  number={3},
  pages={e12869},
  year={2022},
  publisher={Wiley Online Library}
}

@incollection{radha2022feature,
  title={A Feature Selection Technique-Based Approach for Author Profiling},
  author={Radha, D and Chandra Sekhar, P},
  booktitle={Intelligent Systems and Sustainable Computing},
  pages={583--591},
  year={2022},
  publisher={Springer}
}

@inproceedings{dayanik2021disentangling,
  title={Disentangling document topic and author gender in multiple languages: Lessons for adversarial debiasing},
  author={Dayan{\i}k, Erenay and Pad{\'o}, Sebastian},
  booktitle={Proceedings of the Eleventh Workshop on Computational Approaches to Subjectivity, Sentiment and Social Media Analysis},
  pages={50--61},
  year={2021}
}

@article{asyrofi2021biasfinder,
  title={Biasfinder: Metamorphic test generation to uncover bias for sentiment analysis systems},
  author={Asyrofi, Muhammad Hilmi and Yang, Zhou and Yusuf, Imam Nur Bani and Kang, Hong Jin and Thung, Ferdian and Lo, David},
  journal={IEEE Transactions on Software Engineering},
  year={2021},
  publisher={IEEE}
}

@inproceedings{escobar2021gender,
  title={Gender recognition in informal and formal language scenarios via transfer learning},
  author={Escobar-Grisales, Daniel and V{\'a}squez-Correa, Juan Camilo and Orozco-Arroyave, Juan Rafael},
  booktitle={Workshop on Engineering Applications},
  pages={171--179},
  year={2021},
  organization={Springer}
}

@article{alroobaea2020decision,
  title={A Decision Support System for Detecting Age and Gender from Twitter Feeds based on a Comparative Experiments},
  author={Alroobaea, Roobaea and Alafif, Sali and Alhomidi, Shomookh and Aldahass, Ahad and Hamed, Reem and Mulla, Rehab and Alotaibi, Bedour},
  journal={International Journal of Advanced Computer Science and Applications (IJACSA)},
  volume={11},
  pages={12},
  year={2020}
}

@inproceedings{deshpande2020mitigating,
  title={Mitigating demographic Bias in AI-based resume filtering},
  author={Deshpande, Ketki V and Pan, Shimei and Foulds, James R},
  booktitle={Adjunct publication of the 28th ACM conference on user modeling, adaptation and personalization},
  pages={268--275},
  year={2020}
}

@inproceedings{aljohani2020prediction,
  title={Prediction of users’ professional profile in moocs only by utilising learners’ written texts},
  author={Aljohani, Tahani and Pereira, Filipe Dwan and Cristea, Alexandra I and Oliveira, Elaine},
  booktitle={International Conference on Intelligent Tutoring Systems},
  pages={163--173},
  year={2020},
  organization={Springer}
}

@article{tai2020online,
  title={Online social networks and writing styles--a review of the multidisciplinary literature},
  author={Tai, Kah Yee and Dhaliwal, Jasbir and Shariff, Shafiza Mohd},
  journal={IEEE Access},
  volume={8},
  pages={67024--67046},
  year={2020},
  publisher={IEEE}
}

@incollection{raghunadha2020author,
  title={Author Profiles Prediction Using Syntactic and Content-Based Features},
  author={Raghunadha Reddy, T and Srilatha, M and Sreenivas, M and Rajasekhar, N},
  booktitle={Data Engineering and Communication Technology},
  pages={265--273},
  year={2020},
  publisher={Springer}
}

@inproceedings{wu2019neural,
  title={Neural demographic prediction using search query},
  author={Wu, Chuhan and Wu, Fangzhao and Liu, Junxin and He, Shaojian and Huang, Yongfeng and Xie, Xing},
  booktitle={Proceedings of the Twelfth ACM International Conference on Web Search and Data Mining},
  pages={654--662},
  year={2019}
}

@article{moze2019profiling,
  title={Profiling idioms: a sociolexical approach to the study of phraseological patterns},
  author={Moze, Sara and Mohamed, Emad},
  journal={},
  year={2019},
  publisher={Springer}
}

@article{yom2019demographic,
  title={Demographic differences in search engine use with implications for cohort selection},
  author={Yom-Tov, Elad},
  journal={Information Retrieval Journal},
  volume={22},
  number={6},
  pages={570--580},
  year={2019},
  publisher={Springer}
}

@inproceedings{veenhoven2018using,
  title={Using translated data to improve deep learning author profiling models},
  author={Veenhoven, Robert and Snijders, Stan and van der Hall, Dani{\"e}l and van Noord, Rik},
  booktitle={Proceedings of the Ninth International Conference of the CLEF Association (CLEF 2018)},
  volume={2125},
  year={2018},
  organization={CLEF}
}

@article{alroobaea2020empirical,
  title={An empirical combination of machine learning models to enhance author profiling performance},
  author={Alroobaea, Roobaea},
  journal={International Journal},
  volume={9},
  number={2},
  year={2020}
}

@article{fernandez2018dimension,
  title={The dimension of age and gender as user model demographic factors for automatic personalization in e-commerce sites},
  author={Fernandez-Lanvin, Daniel and de Andres-Suarez, Javier and Gonzalez-Rodriguez, Martin and Pariente-Martinez, Beatriz},
  journal={Computer Standards \& Interfaces},
  volume={59},
  pages={1--9},
  year={2018},
  publisher={Elsevier}
}

@article{bertrand2004emily,
  title={Are Emily and Greg more employable than Lakisha and Jamal? A field experiment on labor market discrimination},
  author={Bertrand, Marianne and Mullainathan, Sendhil},
  journal={American economic review},
  volume={94},
  number={4},
  pages={991--1013},
  year={2004}
}

@article{bolukbasi2016man,
  title={Man is to computer programmer as woman is to homemaker? debiasing word embeddings},
  author={Bolukbasi, Tolga and Chang, Kai-Wei and Zou, James Y and Saligrama, Venkatesh and Kalai, Adam T},
  journal={Advances in neural information processing systems},
  volume={29},
  year={2016}
}

@article{rooth2009obesity,
  title={Obesity, attractiveness, and differential treatment in hiring a field experiment},
  author={Rooth, Dan-Olof},
  journal={Journal of human resources},
  volume={44},
  number={3},
  pages={710--735},
  year={2009},
  publisher={University of Wisconsin Press}
}

@article{jorge2021veripol,
  title={VeriPol, el polígrafo ‘inteligente’ de la policía, puesto en cuestión por expertos en ética de los algoritmos},
  author={G. García, Jorge},
  journal={El País},
  Day={9},
  Month={Marzo},
  year={2021},
  howpublished="\url{https://elpais.com/tecnologia/2021-03-08/veripol-el-poligrafo-inteligente-de-la-policia-puesto-en-cuestion-por-expertos-en-etica-de-los-algoritmos.html}"
}

@article{pikaramagazine,
  title={Algoritmos entrenados para ser racistas},
  author={Guerra Caceres, Paula},
  journal={Pikara Magazine},
  Day={23},
  Month={Noviembre},
  year={2022},
  howpublished="\url{https://www.pikaramagazine.com/2022/11/algoritmos-entrenados-para-ser-racistas/}"
}

@article{FRA2022,
  title={FRA (2022) Bias in algorithms},
  author={},
  address={Luxembourg},
  journal={Publications Office},
  year={2022},
}

@article{mosteller1963inference,
  title={Inference in an authorship problem: A comparative study of discrimination methods applied to the authorship of the disputed Federalist Papers},
  author={Mosteller, Frederick and Wallace, David L},
  journal={Journal of the American Statistical Association},
  volume={58},
  number={302},
  pages={275--309},
  year={1963},
  publisher={Taylor \& Francis}
}

@article{garcia2022psychographic,
  title={Psychographic traits identification based on political ideology: An author analysis study on spanish politicians’ tweets posted in 2020},
  author={Garc{\'\i}a-D{\'\i}az, Jos{\'e} Antonio and Colomo-Palacios, Ricardo and Valencia-Garc{\'\i}a, Rafael},
  journal={Future Generation Computer Systems},
  volume={130},
  pages={59--74},
  year={2022},
  publisher={Elsevier}
}

@inproceedings{espin2022sinai,
  title={SINAI at PoliticEs 2022: Exploring Relative Frequency of Words in Stylometrics for Profile Discovery},
  author={Espin-Riofrio, C{\'e}sar and Ortiz-Zambrano, Jenny and Montejo-R{\'a}ez, Arturo},
  booktitle={Proceedings of the Iberian Languages Evaluation Forum (IberLEF 2022). CEUR Workshop Proceedings, CEUR-WS, A Coruna, Spain},
  year={2022}
}

@incollection{surendran2017stylometry,
  title={Stylometry detection using deep learning},
  author={Surendran, Kl and Harilal, OP and Hrudya, P and Poornachandran, Prabaharan and Suchetha, NK},
  booktitle={Computational Intelligence in Data Mining},
  pages={749--757},
  year={2017},
  publisher={Springer}
}

@inproceedings{bougiatiotis2016author,
  title={Author Profiling using Complementary Second Order Attributes and Stylometric Features.},
  author={Bougiatiotis, Konstantinos and Krithara, Anastasia},
  booktitle={CLEF (Working Notes)},
  pages={836--845},
  year={2016}
}

@article{markov2016adapting,
  title={Adapting Cross-Genre Author Profiling to Language and Corpus.},
  author={Markov, Ilia and G{\'o}mez-Adorno, Helena and Sidorov, Grigori and Gelbukh, Alexander F},
  journal={CLEF (Working Notes)},
  volume={2016},
  pages={947--955},
  year={2016}
}

@inproceedings{ifrah2015identification,
  title={Identification of author personality traits using stylistic features},
  author={Ifrah Pervaz, Iqra Ameer and Sittar, Abdul and Nawab, Rao Muhammad Adeel},
  booktitle={Proceedings of CLEF},
  year={2015}
}

@inproceedings{grivas2015author,
  title={Author profiling using stylometric and structural feature groupings},
  author={Grivas, Andreas and Krithara, Anastasia and Giannakopoulos, George},
  booktitle={CLEF (Working Notes)},
  year={2015}
}

@article{ouni2021toward,
  title={Toward a new approach to author profiling based on the extraction of statistical features},
  author={Ouni, Sarra and Fkih, Fethi and Omri, Mohamed Nazih},
  journal={Social Network Analysis and Mining},
  volume={11},
  number={1},
  pages={1--16},
  year={2021},
  publisher={Springer}
}

@inproceedings{valencia2019bots,
  title={Bots and gender identification based on stylometry of tweet minimal structure and n-grams model},
  author={Valencia, Alex I Valencia and Adorno, H Gomez and Rhodes, Christopher Stephens and Pineda, Gibran Fuentes},
  booktitle={Working Notes of CLEF 2019-Conference and Labs of the Evaluation Forum, Lugano, Switzerland},
  volume={2380},
  year={2019}
}

@article{joo2019author,
  title={Author profiling on social media: An ensemble learning model using various features},
  author={Joo, Youngjun and Hwang, Inchon and Cappellato, L and Ferro, N and Losada, D and M{\"u}ller, H},
  journal={Notebook for PAN at CLEF},
  year={2019}
}

@article{emmery2021adversarial,
  title={Adversarial stylometry in the wild: Transferable lexical substitution attacks on author profiling},
  author={Emmery, Chris and K{\'a}d{\'a}r, {\'A}kos and Chrupa{\l}a, Grzegorz},
  journal={arXiv preprint arXiv:2101.11310},
  year={2021}
}


@inproceedings{wanner2017relevance,
  title={On the relevance of syntactic and discourse features for author profiling and identification},
  author={Wanner, Leo and others},
  booktitle={Proceedings of the 15th Conference of the European Chapter of the Association for Computational Linguistics: Volume 2, Short Papers},
  pages={681--687},
  year={2017}
}

@article{pearce2016use,
  title={Use of Discourse and Syntactic Features for Gender Identification},
  author={Pearce, D and Pinto, HS},
  journal={},
  year={2016}
}

@article{gomez2019convolutional,
  title={A convolutional neural network approach for gender and language variety identification},
  author={G{\'o}mez-Adorno, Helena and Fuentes-Alba, Roddy and Markov, Ilia and Sidorov, Grigori and Gelbukh, Alexander},
  journal={Journal of Intelligent \& Fuzzy Systems},
  volume={36},
  number={5},
  pages={4845--4855},
  year={2019},
  publisher={IOS Press}
}

@inproceedings{modaresi2016exploring,
  title={Exploring the Effects of Cross-Genre Machine Learning for Author Profiling in PAN 2016.},
  author={Modaresi, Pashutan and Liebeck, Matthias and Conrad, Stefan},
  booktitle={CLEF (Working Notes)},
  pages={970--977},
  year={2016}
}

@inproceedings{bartoli2015author,
  title={An author profiling approach based on language-dependent content and stylometric features},
  author={Bartoli, Alberto and De Lorenzo, Andrea and Laderchi, Alessandra and Medvet, Eric and Tarlao, Fabiano},
  booktitle={Conference and Labs of the Evaluation forum},
  volume={1391},
  year={2015},
  organization={CEUR}
}

@article{thelwall2018gender,
  title={Gender bias in sentiment analysis},
  author={Thelwall, Mike},
  journal={Online Information Review},
  year={2018},
  publisher={Emerald Publishing Limited}
}

@inproceedings{diaz2018addressing,
  title={Addressing age-related bias in sentiment analysis},
  author={D{\'\i}az, Mark and Johnson, Isaac and Lazar, Amanda and Piper, Anne Marie and Gergle, Darren},
  booktitle={Proceedings of the 2018 chi conference on human factors in computing systems},
  pages={1--14},
  year={2018}
}

@article{kiritchenko2018examining,
  title={Examining gender and race bias in two hundred sentiment analysis systems},
  author={Kiritchenko, Svetlana and Mohammad, Saif M},
  journal={arXiv preprint arXiv:1805.04508},
  year={2018}
}

@article{feder2020active,
  title={Active deep learning to detect demographic traits in free-form clinical notes},
  author={Feder, Amir and Vainstein, Danny and Rosenfeld, Roni and Hartman, Tzvika and Hassidim, Avinatan and Matias, Yossi},
  journal={Journal of Biomedical Informatics},
  volume={107},
  pages={103436},
  year={2020},
  publisher={Elsevier}
}

@article{lozano2020nueva,
  title={Una nueva visi{\'o}n de la supuesta influencia de Madame Bovary en La Regenta a trav{\'e}s de la estilometr{\'\i}a y el an{\'a}lisis de sentimientos basados en lenguaje R},
  author={Lozano, Z and others},
  journal={ORILLAS RIVISTA D'ISPANISTICA},
  year={2020}
}

@article{RUIZ-CORNEJO2022,
   title = {An{\'a}lisis estilom{\'e}trico en Python aplicado a epistolarios de la premio nobel de literatura Gabriela Mistral},
   journal = {Ingeniare. Revista chilena de ingenier{\'i}a},
   author={Ruiz-Cornejo, Nataly AND Arriagada-Ben\~A\-tez, Mauricio},
   ISSN = {0718-3305},
   language = {es},
   URL = {http://www.scielo.cl/scielo.php?script=sci_arttext&pid=S0718-33052022000200229&nrm=iso},
   volume = {30},
   year = {2022},
   month = {06},
   pages = {229 - 238},
   publisher = {scielocl},
   }

   @misc{bhargava2013stylometric,
  title={Stylometric Analysis for Authorship Attribution on Twitter Author’s copy{\copyright}},
  author={Bhargava, Mudit and Mehndiratta, Pulkit and Asawa, Krishna},
  year={2013},
  publisher={Jaypee Institute of Information Technology. Retrieved from https://www~…}
}

@inproceedings{belvisi2020forensic,
  title={Forensic authorship analysis of microblogging texts using n-grams and stylometric features},
  author={Belvisi, Nicole Mariah Sharon and Muhammad, Naveed and Alonso-Fernandez, Fernando},
  booktitle={2020 8th International Workshop on Biometrics and Forensics (IWBF)},
  pages={1--6},
  year={2020},
  organization={IEEE}
}